%  a sample bibliography file
%  

@book{burdea2003virtual,
  title={Virtual reality technology},
  author={Burdea, Grigore C and Coiffet, Philippe},
  year={2003},
  publisher={John Wiley \& Sons}
}


%  The authors mentioned here are almost, but not quite,
%  entirely unrelated to Matt Groening.
